@article{sorensson2005minisat,
  title={Minisat v1. 13-a sat solver with conflict-clause minimization},
  author={Sorensson, Niklas and Een, Niklas},
  journal={SAT},
  volume={2005},
  number={53},
  pages={1--2},
  year={2005}
},
@inproceedings{kwon2006optimized,
  title={Optimized CNF encoding for sudoku puzzles},
  author={Kwon, Gihwon and Jain, Himanshu},
  booktitle={Proc. 13th International Conference on Logic for Programming Artificial Intelligence and Reasoning (LPAR2006)},
  pages={1--5},
  year={2006}
}
@inproceedings{selman1992new,
  title={A New Method for Solving Hard Satisfiability Problems.},
  author={Selman, Bart and Levesque, Hector J and Mitchell, David G and others},
  booktitle={AAAI},
  volume={92},
  pages={440--446},
  year={1992}
}
@article{selman1996generating,
  title={Generating hard satisfiability problems},
  author={Selman, Bart and Mitchell, David G and Levesque, Hector J},
  journal={Artificial intelligence},
  volume={81},
  number={1-2},
  pages={17--29},
  year={1996},
  publisher={Elsevier}
}
@article{soos2016cryptominisat,
  title={The CryptoMiniSat 5 set of solvers at SAT Competition 2016},
  author={Soos, Mate},
  journal={SAT COMPETITION 2016},
  pages={28},
  year={2016}
}
